<?xml version="1.0" encoding="UTF-8"?><collection xmlns="http://www.loc.gov/MARC21/slim"><record><leader>00367nam--2200133-i-4500</leader><controlfield tag="001">000033399</controlfield><controlfield tag="002">20161230</controlfield><controlfield tag="005">20161230201039</controlfield><controlfield tag="008">060222s1000------------r-----000-0-eng-d</controlfield><datafield ind1=" " ind2=" " tag="080"><subfield code="a">548.5(043)</subfield></datafield><datafield ind1=" " ind2=" " tag="100"><subfield code="a">Moya, Fernand</subfield></datafield><datafield ind1=" " ind2=" " tag="245"><subfield code="a">Solubilite et diffusion du soufre dans le cuivre monocristallin. these</subfield></datafield><datafield ind1=" " ind2=" " tag="260"><subfield code="a">Marseille, L`Universite, 1970, 133p</subfield></datafield><datafield ind1=" " ind2=" " tag="852"><subfield code="a">76986</subfield></datafield></record></collection>